@article{luong2015effective,
  title={Effective approaches to attention-based neural machine translation},
  author={Luong, Minh-Thang and Pham, Hieu and Manning, Christopher D},
  journal={arXiv preprint arXiv:1508.04025},
  year={2015}
}
@inproceedings{vaswani2017attention,
  title={Attention is all you need},
  author={Vaswani, Ashish and Shazeer, Noam and Parmar, Niki and Uszkoreit, Jakob and Jones, Llion and Gomez, Aidan N and Kaiser, {\L}ukasz and Polosukhin, Illia},
  booktitle={Advances in neural information processing systems},
  pages={5998--6008},
  year={2017}
}
@article{press2016using,
  title={Using the output embedding to improve language models},
  author={Press, Ofir and Wolf, Lior},
  journal={arXiv preprint arXiv:1608.05859},
  year={2016}
}
@inproceedings{bengio2015scheduled,
  title={Scheduled sampling for sequence prediction with recurrent neural networks},
  author={Bengio, Samy and Vinyals, Oriol and Jaitly, Navdeep and Shazeer, Noam},
  booktitle={Advances in Neural Information Processing Systems},
  pages={1171--1179},
  year={2015}
}
@inproceedings{gu2018neural,
  title={Neural machine translation with gumbel-greedy decoding},
  author={Gu, Jiatao and Im, Daniel Jiwoong and Li, Victor OK},
  booktitle={Thirty-Second AAAI Conference on Artificial Intelligence},
  year={2018}
}
@article{jang2016categorical,
  title={Categorical reparameterization with gumbel-softmax},
  author={Jang, Eric and Gu, Shixiang and Poole, Ben},
  journal={arXiv preprint arXiv:1611.01144},
  year={2016}
}
@article{ranzato2015sequence,
  title={Sequence level training with recurrent neural networks},
  author={Ranzato, Marc'Aurelio and Chopra, Sumit and Auli, Michael and Zaremba, Wojciech},
  journal={arXiv preprint arXiv:1511.06732},
  year={2015}
}
@inproceedings{cettolo2012wit3,
  title={Wit3: Web inventory of transcribed and translated talks},
  author={Cettolo, Mauro and Girardi, Christian and Federico, Marcello},
  booktitle={Conference of European Association for Machine Translation},
  pages={261--268},
  year={2012}
}
@inproceedings{he2015delving,
  title={Delving deep into rectifiers: Surpassing human-level performance on imagenet classification},
  author={He, Kaiming and Zhang, Xiangyu and Ren, Shaoqing and Sun, Jian},
  booktitle={Proceedings of the IEEE international conference on computer vision},
  pages={1026--1034},
  year={2015}
}
@article{merity2017regularizing,
  title={Regularizing and optimizing LSTM language models},
  author={Merity, Stephen and Keskar, Nitish Shirish and Socher, Richard},
  journal={arXiv preprint arXiv:1708.02182},
  year={2017}
}
@inproceedings{neubig19naacl,
    title = {compare-mt: A Tool for Holistic Comparison of Language Generation Systems},
    author = {Graham Neubig and Zi-Yi Dou and Junjie Hu and Paul Michel and Danish Pruthi and Xinyi Wang},
    booktitle = {Meeting of the North American Chapter of the Association for Computational Linguistics (NAACL) Demo Track},
    address = {Minneapolis, USA},
    month = {June},
    url = {http://arxiv.org/abs/1903.07926},
    year = {2019}
}
